<record><leader>00000cas a2200000 a 4500</leader><controlfield tag="001">32769858</controlfield><controlfield tag="007">hd bfu---baat</controlfield><controlfield tag="007">hd afu---bact</controlfield><controlfield tag="008">950706c19179999nbuwr nea     0    0eng c</controlfield><datafield ind1=" " ind2=" " tag="010"><subfield code="a">sn 95069982 </subfield></datafield><datafield ind1=" " ind2=" " tag="040"><subfield code="a">NVG</subfield><subfield code="b">eng</subfield><subfield code="c">NVG</subfield><subfield code="d">OCLCQ</subfield><subfield code="d">OCLCF</subfield><subfield code="d">OCLCO</subfield></datafield><datafield ind1="1" ind2=" " tag="029"><subfield code="a">AU@</subfield><subfield code="b">000011783010</subfield></datafield><datafield ind1=" " ind2=" " tag="042"><subfield code="a">pcc</subfield></datafield><datafield ind1=" " ind2=" " tag="043"><subfield code="a">n-us-nb</subfield></datafield><datafield ind1="0" ind2="4" tag="245"><subfield code="a">The Syracuse journal-Democrat</subfield><subfield code="h">[microform].</subfield></datafield><datafield ind1=" " ind2=" " tag="260"><subfield code="a">Syracuse, Otoe County, Neb. :</subfield><subfield code="b">Wilkins &amp; Keithley,</subfield><subfield code="c">1917-</subfield></datafield><datafield ind1=" " ind2=" " tag="300"><subfield code="a">v.</subfield></datafield><datafield ind1=" " ind2=" " tag="310"><subfield code="a">Weekly</subfield></datafield><datafield ind1="0" ind2=" " tag="362"><subfield code="a">39th year, no. 19 (May 4, 1917)-</subfield></datafield><datafield ind1=" " ind2=" " tag="580"><subfield code="a">Formed by the union of: Syracuse journal (Syracuse, Neb.), and: Syracuse Democrat.</subfield></datafield><datafield ind1=" " ind2=" " tag="580"><subfield code="a">Absorbed: Otoe union, 1928; Johnson County courier (Sterling, Neb. : 1945), 1971; Talmage topics, 1973; Challenge (Peru, Neb.), 1980 and: Johnson County courier (Sterling, Neb. : 1982), 1989.</subfield></datafield><datafield ind1=" " ind2=" " tag="580"><subfield code="a">Absorbed Peru enterprise's supplement titled: Douglas enterprise, 1935.</subfield></datafield><datafield ind1=" " ind2=" " tag="580"><subfield code="a">Continued in part by: Louisville messenger, 1973; Johnson County courier (Sterling, Neb. : 1982).</subfield></datafield><datafield ind1=" " ind2=" " tag="533"><subfield code="a">Microfilm.</subfield><subfield code="m">1917- :[Gaps]</subfield><subfield code="b">Lincoln, Neb. :</subfield><subfield code="c">Nebraska State Historical Society,</subfield><subfield code="d">[1974]-</subfield><subfield code="e">microfilm reel ; 35 mm.</subfield></datafield><datafield ind1=" " ind2="0" tag="651"><subfield code="a">Syracuse (Neb.)</subfield><subfield code="v">Newspapers.</subfield></datafield><datafield ind1=" " ind2="0" tag="651"><subfield code="a">Otoe County (Neb.)</subfield><subfield code="v">Newspapers.</subfield></datafield><datafield ind1=" " ind2="0" tag="651"><subfield code="a">Johnson County (Neb.)</subfield><subfield code="v">Newspapers.</subfield></datafield><datafield ind1=" " ind2="7" tag="655"><subfield code="a">Newspapers.</subfield><subfield code="2">fast</subfield><subfield code="0">(OCoLC)fst01423814</subfield></datafield><datafield ind1=" " ind2="7" tag="651"><subfield code="a">Nebraska</subfield><subfield code="z">Johnson County.</subfield><subfield code="2">fast</subfield><subfield code="0">(OCoLC)fst01212885</subfield></datafield><datafield ind1=" " ind2="7" tag="651"><subfield code="a">Nebraska</subfield><subfield code="z">Otoe County.</subfield><subfield code="2">fast</subfield><subfield code="0">(OCoLC)fst01212380</subfield></datafield><datafield ind1=" " ind2="7" tag="651"><subfield code="a">Nebraska</subfield><subfield code="z">Syracuse.</subfield><subfield code="2">fast</subfield><subfield code="0">(OCoLC)fst01255921</subfield></datafield><datafield ind1=" " ind2=" " tag="752"><subfield code="a">United States</subfield><subfield code="b">Nebraska</subfield><subfield code="c">Otoe</subfield><subfield code="d">Syracuse.</subfield></datafield><datafield ind1="1" ind2="4" tag="780"><subfield code="t">Syracuse journal (Syracuse, Neb.)</subfield><subfield code="w">(DLC)sn 95069981</subfield></datafield><datafield ind1="1" ind2="4" tag="780"><subfield code="t">Syracuse Democrat</subfield><subfield code="w">(DLC)sn 95069989</subfield></datafield><datafield ind1="1" ind2="5" tag="780"><subfield code="t">Otoe union</subfield><subfield code="w">(DLC)sn 95069980</subfield></datafield><datafield ind1="1" ind2="5" tag="780"><subfield code="t">Johnson County courier (Sterling, Neb. : 1945)</subfield><subfield code="w">(DLC)sn 95069987</subfield></datafield><datafield ind1="1" ind2="5" tag="780"><subfield code="t">Talmage topics</subfield><subfield code="w">(DLC)sn 95069990</subfield></datafield><datafield ind1="1" ind2="5" tag="780"><subfield code="t">Challenge (Peru, Neb.)</subfield><subfield code="w">(DLC)sn 95073988</subfield></datafield><datafield ind1="1" ind2="5" tag="780"><subfield code="t">Johnson County courier (Sterling, Neb. : 1982)</subfield><subfield code="w">(DLC)sn 95070091</subfield></datafield><datafield ind1="1" ind2="6" tag="780"><subfield code="t">Peru enterprise</subfield><subfield code="w">(DLC)sn 95056246</subfield></datafield><datafield ind1="1" ind2="1" tag="785"><subfield code="t">Louisville messenger</subfield><subfield code="w">(DLC)sn 95069737</subfield></datafield><datafield ind1="1" ind2="1" tag="785"><subfield code="t">Johnson County courier (Sterling, Neb. : 1982)</subfield><subfield code="w">(DLC)sn 95070091</subfield></datafield></record>